@techreport{GAPReport2016,
  author       = {Global Agricultural Productivity (GAP)},
  title        = {2016 Global Agricultural Productivity Report},
  year         = {2016},
  institution  = {Global Agricultural Productivity},
  url          = {https://globalagriculturalproductivity.org/wp-content/uploads/2019/01/2016_GAP_Report.pdf},
  note         = {Documento en línea},
  urldate      = {2025-03-20},
}

@article{EficienciaAgua2014,
  author   = {Salazar-Moreno, Raquel and Rojano-Aguilar, Abraham and López-Cruz, Irineo Lorenzo},
  title    = {La eficiencia en el uso del agua en la agricultura controlada},
  journal  = {Tecnología y ciencias del agua},
  year     = {2014},
  volume   = {5},
  number   = {2},
  pages    = {177--183},
  url      = {http://www.scielo.org.mx/scielo.php?script=sci_arttext&pid=S2007-24222014000200012&lng=es&tlng=es},
  note         = {Documento en línea},
  urldate      = {2025-03-20},
}

@online{HorticulturaMisiones2024,
  author       = {Misiones Online},
  title        = {Horticultura en Misiones},
  year         = {2024},
  url          = {https://misionesonline.net/2024/06/14/horticultura-en-misiones-2/},
  note         = {Artículo en línea},
  organization = {Misiones Online},
  urldate      = {2025-03-20},
}

@online{HidroponiaMisiones2024,
  author       = {Primera Edición},
  title        = {Misiones: la hidroponía, cada vez más presente},
  year         = {2024},
  url          = {https://www.primeraedicion.com.ar/nota/100627758/misiones-la-hidroponia-cada-vez-mas-presente/},
  note         = {Artículo en línea},
  organization = {Primera Edición},
  urldate      = {2024-03-20}, 
}

@article{seguridadAlimentariaGaribaldi2018,
  author   = {Garibaldi, Lucas A. and Andersson, Georg and Fernández Ferrari, Celeste and Pérez-Méndez, Néstor},
  title    = {Seguridad alimentaria, medio ambiente y nuestros hábitos de Consumo},
  journal  = {Ecología Austral},
  year     = {2018},
  volume   = {28},
  number   = {3},
  pages    = {572--580},
  url      = {https://www.scielo.org.ar/scielo.php?script=sci_arttext&pid=S1667-782X2018000400011&lng=es&tlng=es},
  urldate      = {2024-03-20}, 
}

@online{HidroponiaFIL,
  author       = {Hidroponía FIL},
  url          = {https://hidroponiafil.com.ar/},
  urldate      = {2024-03-20}, 
}

@online{Hidrosense,
  author       = {Hidrosense},
  url          = {https://www.hidrosense.com.br/},
  urldate      = {2024-03-20}, 
}

@online{iPonia,
  author       = {iPonia},
  url          = {https://iponia.com.br/},
  urldate      = {2024-03-20}, 
}

@online{Growcast,
  author       = {Growcast},
  url          = {https://www.growcast.io/},
  urldate      = {2024-03-20}, 
}

@article{marinelli2015control,
  title={Control automatizado de cultivos hidrop{\'o}nicos mediante L{\'o}gica Difusa},
  author={Marinelli, Marcelo Julio},
  year={2015},
  publisher={Universidad Nacional de Misiones. Facultad de Ciencias Exactas, Qu{\'\i}micas y~…}
}

@book{DesafiosAgriculturaArgentina2017,
  author    = {Fernando H. Andrade y otros},
  editor    = {Fernando H. Andrade},
  title     = {Los desafíos de la agricultura argentina},
  edition   = {1st},
  publisher = {Ediciones INTA},
  address   = {Ciudad Autónoma de Buenos Aires},
  year      = {2017},
  isbn      = {978-987-521-859-8},
  url       = {https://repositorio.inta.gob.ar/bitstream/handle/20.500.12123/2149/INTA_CRBsAsSur_EEABalcarce_Andrade_FH_Desafios_agricultura_argentina.pdf},
  note      = {Libro digital, PDF. Archivo Digital: descarga y online},
  keywords  = {Impacto Ambiental, Agricultura},
}

@ARTICLE{ARTICLE:1,
    AUTHOR="John Doe",
    TITLE="Title",
    JOURNAL="Journal",
    YEAR="2017",
}

@BOOK{BOOK:1,
    AUTHOR="John Doe",
    TITLE="The Book without Title",
    PUBLISHER="Dummy Publisher",
    YEAR="2100",
}

@INBOOK{BOOK:2,
    AUTHOR="John Doe",
    TITLE="The Book without Title",
    PUBLISHER="Dummy Publisher",
    YEAR="2100",
    PAGES="100-200",
}

@MISC{WEBSITE:1,
	HOWPUBLISHED = "\url{http://example.com}",
	AUTHOR = "Intel",
	TITLE = "Example Website",
	MONTH = "12",
	YEAR = "1988",
	URLDATE = {2012-11-26}
}

@MANUAL{dallas:ds18b20,
    organization  = "Dallas Semiconductor",
    title         = "DS18B20 Programmable Resolution 1-Wire Digital Thermometer",
    number        = "050400",
    year          =  2015,
    note          = "Rev. 3"
}

@book{teton2003,
	title={Gu{\'\i}a t{\'e}cnica de la acuariofilia},
	author={Teton, J.},
	isbn={9788489840249},
	series={Gu{\'\i}as t{\'e}cnicas},
	url={https://books.google.com.ar/books?id=6vrjovWkQicC},
	year={2003},
	publisher={Tursen S.A. - H. Blume}
}

@book{IEEE:citation,
	author={IEEE},
	title={IEEE Citation Reference},
	edition={1},
	url={http://www.ieee.org/documents/ieeecitationref.pdf},
	urldate={2016-9-26},
	publisher={IEEE Publications},
	year={2016}
}

@misc{CIAA,
	author = {{Proyecto CIAA}},
	title = {Computadora Industrial Abierta Argentina},
	url = {http://proyecto-ciaa.com.ar/devwiki/doku.php?id=start},
	note = {Visitado el 2016-06-25},
	year = {2014}
}

@MISC{lpcopen,
   author =	{{NXP Semiconductors}},
   title =	{LPCOPEN v2.16 Drivers, Middleware and Examples},
   url =	{http://www.nxp.com/products/microcontrollers-and-processors/arm-processors/lpc-cortex-m-mcus/software-tools/lpcopen-libraries-and-examples:LPC-OPEN-LIBRARIES},
   note =	{Disponible: 2016-06-25},
 }
 
@MISC{contrib,
	author =	{{Savannah}},
	title =	{lwIP - A Lightweight TCP/IP stack},
	url =	{http://git.savannah.gnu.org/cgit/lwip/lwip-contrib.git},
	note =	{Disponible: 2016-06-25},
 }

@MISC{webserver,
	author =	{{Savannah}},
	title =	{lwIP - Wiki - Sample Web Server},
	url =	{ http://lwip.wikia.com/wiki/Sample_Web_Server},
	note =	{Disponible: 2016-06-25}
 } 
 


@MISC{sensor_pH,
   author =	{dfRobot},
   title =	{PH meter(SKU: SEN0161)},
   url =	{http://www.dfrobot.com/wiki/index.php?title=PH_meter(SKU:_SEN0161)},
   note =	{Disponible: 2016-06-25},
}

@misc{rfc2616,
	series =	{Request for Comments},
	number=		2616,
	howpublished=	{RFC 2616},
	publisher =	{RFC Editor},
	doi =		{10.17487/rfc2616},
	url =		{https://rfc-editor.org/rfc/rfc2616.txt},
	author=		{Jeffrey Mogul and Larry M Masinter and Roy T. Fielding and Jim Gettys and Paul J. Leach and Tim Berners-Lee},
	title=		{{Hypertext Transfer Protocol -- HTTP/1.1}},
	pagetotal =	176,
	year =		2013,
	month =		3,
	day =		2,
	abstract =	{HTTP has been in use by the World-Wide Web global information initiative since 1990. This specification defines the protocol referred to as &quot;HTTP/1.1&quot;, and is an update to RFC 2068. [STANDARDS-TRACK]},
}

@misc{rfc3875,
	series =	{Request for Comments},
	number=		3875,
	howpublished=	{RFC 3875},
	publisher =	{RFC Editor},
	doi =		{10.17487/rfc3875},
	url =		{https://rfc-editor.org/rfc/rfc3875.txt},
	author=		{David Robinson},
	title=		{{The Common Gateway Interface (CGI) Version 1.1}},
	pagetotal =	36,
	year =		2013,
	month =		mar,
	day =		20,
	abstract =	{The Common Gateway Interface (CGI) is a simple interface for running external programs, software or gateways under an information server in a platform-independent manner. Currently, the supported information servers are HTTP servers.},
}

@misc{rfc7540,
	series =	{Request for Comments},
	number=		7540,
	howpublished=	{RFC 7540},
	publisher =	{RFC Editor},
	doi =		{10.17487/rfc7540},
	url =		{https://rfc-editor.org/rfc/rfc7540.txt},
	author=		{Mike Belshe and Roberto Peon and Martin Thomson},
	title=		{{Hypertext Transfer Protocol Version 2 (HTTP/2)}},
	pagetotal =	96,
	year =		2015,
	month =		nov,
	day =		18,
	abstract =	{This specification describes an optimized expression of the semantics of the Hypertext Transfer Protocol (HTTP), referred to as HTTP version 2 (HTTP/2). HTTP/2 enables a more efficient use of network resources and a reduced perception of latency by introducing header field compression and allowing multiple concurrent exchanges on the same connection. It also introduces unsolicited push of representations from servers to clients.},
}